@inproceedings{churn1,
    author = {Forhad, Navid and Hussain, Md and Rahman, Mohammad},
    year = {2014},
    month = {09},
    pages = {237-241},
    title= {Churn analysis: Predicting churners},
    booktitle = {Churn analysis: Predicting churners},
    doi = {10.1109/ICDIM.2014.6991433}
}

@misc {churn_analysis,
    author = "Patrick Campbell",
    title="Customer Churn Analysis: One of SaaSâ€™s Most Important Processes",
    date={2020},
    howpublished={\url{https://www.profitwell.com/customer-churn/analysis}},
    note={Accessed: 2021-10-21}
}

@book{10.5555/555454,
author = {Berson, Alex and Smith, Stephen and Thearling, Kurt},
title = {Building Data Mining Applications for CRM},
year = {1999},
isbn = {0071344446},
publisher = {McGraw-Hill Professional},
edition = {1st},
}

@article{WEI2002103,
title = {Turning telecommunications call details to churn prediction: a data mining approach},
journal = {Expert Systems with Applications},
volume = {23},
number = {2},
pages = {103-112},
year = {2002},
issn = {0957-4174},
doi = {https://doi.org/10.1016/S0957-4174(02)00030-1},
url = {https://www.sciencedirect.com/science/article/pii/S0957417402000301},
author = {Chih-Ping Wei and I-Tang Chiu},
}

@article{customer_retention,
Author = {Duen-Ren, Liu and Ya-Yueh, Shih},
ISSN = {03787206},
Journal = {Information \& Management},
Number = {3},
Pages = {387 - 400},
Title = {Integrating AHP and data mining for product recommendation based on customer lifetime value.},
Volume = {42},
URL = {https://ezproxy.tru.ca/login?url=https://search.ebscohost.com/login.aspx?direct=true&db=bth&AN=15642420&site=eds-live&scope=site},
Year = {2005},
}

@article{ml_techniques_to_predict_churn,
Author = {De, Soumi and P, Prabu and Paulose, Joy},
ISSN = {978-1-6654-3877-3},
Journal = {2021 Third International Conference on Inventive Research in Computing Applications (ICIRCA), Inventive Research in Computing Applications (ICIRCA), 2021 Third International Conference on},
Pages = {895 - 902},
Title = {Effective ML Techniques to Predict Customer Churn.},
URL = {https://ezproxy.tru.ca/login?url=https://search.ebscohost.com/login.aspx?direct=true&db=edseee&AN=edseee.9544785&site=eds-live&scope=site},
Year = {2021},
}

@article{churn_mobile_industry,
author = {Kirui, Clement and Hong, L. and Cheruiyot, Weldon and Kirui, H.},
year = {2013},
month = {01},
pages = {165-172},
title = {Predicting Customer Churn in Mobile Telephony Industry Using Probabilistic Classifiers in Data Mining},
volume = {10},
journal = {IJCSI Int. J. Comput. Sci. Issues}
}

@article{hadden2007computer,
  title={Computer assisted customer churn management: State-of-the-art and future trends},
  author={Hadden, John and Tiwari, Ashutosh and Roy, Rajkumar and Ruta, Dymitr},
  journal={Computers \& Operations Research},
  volume={34},
  number={10},
  pages={2902--2917},
  year={2007},
  publisher={Elsevier}
}

@article{customer_loyalty,
author = {Kim, Hee-Su and Yoon, Choong-Han},
year = {2004},
month = {10},
pages = {751-765},
title = {Determinants of subscriber churn and customer loyalty in the Korean mobile telephony market},
volume = {28},
journal = {Telecommunications Policy},
doi = {10.1016/j.telpol.2004.05.013}
}

@article{HUANG20121414,
title = {Customer churn prediction in telecommunications},
journal = {Expert Systems with Applications},
volume = {39},
number = {1},
pages = {1414-1425},
year = {2012},
issn = {0957-4174},
doi = {https://doi.org/10.1016/j.eswa.2011.08.024},
url = {https://www.sciencedirect.com/science/article/pii/S0957417411011353},
author = {Bingquan Huang and Mohand Tahar Kechadi and Brian Buckley},
}

@inproceedings{hybrid_approach,
author = {Basiri, Javad and Taghiyareh, Fattaneh and Moshiri, Behzad},
year = {2011},
month = {01},
pages = {485 - 491},
title = {A Hybrid Approach to Predict Churn},
booktitle={A Hybrid Approach to Predict Churn},
journal = {Proceedings - 2010 IEEE Asia-Pacific Services Computing Conference, APSCC 2010},
doi = {10.1109/APSCC.2010.87}
}

@article{mahajan2017review,
  title={Review on factors affecting customer churn in telecom sector},
  author={Mahajan, Vishal and Misra, Richa and Mahajan, Renuka},
  journal={International Journal of Data Analysis Techniques and Strategies},
  volume={9},
  number={2},
  pages={122--144},
  year={2017},
  publisher={Inderscience Publishers (IEL)}
}